

@article{C2001,
Author = {Cui, Y and Wei, QQ and Park, HK and Lieber, CM},
Title = {{Nanowire nanosensors for highly sensitive and selective detection of
   biological and chemical species}},
Journal = {{SCIENCE}},
Volume = {{293}},
Pages = {{1289-1292}},
Year = {{2001}},
}

@Article{C25th,
Author = {Dasgupta, Neil P. and Sun, Jianwei and Liu, Chong and Brittman, Sarah
   and Andrews, Sean C. and Lim, Jongwoo and Gao, Hanwei and Yan, Ruoxue
   and Yang, Peidong},
Title = {{25th Anniversary Article: Semiconductor Nanowires Synthesis,
   Characterization, and Applications}},
Journal = {{ADVANCED MATERIALS}},
Volume = {{26}},
Pages = {{2137-2184}},
Year = {{2014}},
}


@ARTICLE{J7,
	author={Lin CH and Hung CH and Hsiao CY and Lin HC and Ko FH and Yang YS},
	journal={BIOSENSORS \& BIOELECTRONICS},
	title={Poly-silicon nanowire field-effect transistor for ultrasensitive and label-free detection of pathogenic avian influenza DNA},
	month={JUN},
	year={2009},
	volume={24},
	number={10},
	pages={3019-3024},
	}

@ARTICLE{J6,
	author={N. Nikkhoo and P. G. Gulak and K. Maxwell},
	journal={IEEE Transactions on Biomedical Circuits and Systems},
	title={Rapid Detection of E. coli Bacteria Using Potassium-Sensitive FETs in CMOS},
	month={Oct},
	year={2013},
	volume={7},
	number={5},
	pages={621-630},
	}